@misc{carbon_cycle,
  title = {A simple diagram of parts of the carbon cycle, emphasizing the terrestrial (land-based) parts of the cycle.},
  howpublished = "\url{https://scied.ucar.edu/carbon-cycle}",
}

@article{cao2009linear,
  title={Linear Prediction Coding and Its Implementation Based on Matlab [J]},
  author={CAO, Hua and LI, Wei and TAN, Yan-mei},
  journal={Modern Electronics technique},
  volume={7},
  pages={044},
  year={2009}
}

@article{lustenhouwer2020trait,
  title={A trait-based understanding of wood decomposition by fungi},
  author={Lustenhouwer, Nicky and Maynard, Daniel S and Bradford, Mark A and Lindner, Daniel L and Oberle, Brad and Zanne, Amy E and Crowther, Thomas W},
  journal={Proceedings of the National Academy of Sciences},
  volume={117},
  number={21},
  pages={11551--11558},
  year={2020},
  publisher={National Acad Sciences}
}

@article{hiscox2018fungus,
  title={Fungus wars: basidiomycete battles in wood decay},
  author={Hiscox, Jennifer and O'leary, J and Boddy, Lynne},
  journal={Studies in mycology},
  volume={89},
  pages={117--124},
  year={2018},
  publisher={Elsevier}
}

@misc{huber_regression,
  title = {Generalized Huber Regression},
  howpublished = "\url{https://towardsdatascience.com/generalized-huber-regression-505afaff24c}",
}

@misc{theil_sen_regression,
  title = {A correlation measure based on Theil-Sen regression},
  howpublished = "\url{https://towardsdatascience.com/a-correlation-measure-based-on-theil-sen-regression-31b8b9ed64f1}",
}

@misc{temperature,
  title = {List of cities by average temperature},
  howpublished = "\url{https://en.wikipedia.org/wiki/List_of_cities_by_average_temperature}",
}

@article{maynard2019consistent,
  title={Consistent trade-offs in fungal trait expression across broad spatial scales},
  author={Maynard, Daniel S and Bradford, Mark A and Covey, Kristofer R and Lindner, Daniel and Glaeser, Jessie and Talbert, Douglas A and Tinker, Paul Joshua and Walker, Donald M and Crowther, Thomas W},
  journal={Nature microbiology},
  volume={4},
  number={5},
  pages={846--853},
  year={2019},
  publisher={Nature Publishing Group}
}

@article{li2019spatial,
  title={Spatial variation in soil microbial community structure and its relation to plant distribution and local environments following afforestation in central China},
  author={Li, Qianxi and Feng, Jiao and Wu, Junjun and Jia, Wei and Zhang, Qian and Chen, Qiong and Zhang, Dandan and Cheng, Xiaoli},
  journal={Soil and Tillage Research},
  volume={193},
  pages={8--16},
  year={2019},
  publisher={Elsevier}
}